<?xml version="1.0" encoding="UTF-8"?><collection xmlns="http://www.loc.gov/MARC21/slim"><record><leader>00334nam--2200133-i-4500</leader><controlfield tag="001">000026852</controlfield><controlfield tag="002">20161230</controlfield><controlfield tag="005">20161230201036</controlfield><controlfield tag="008">060222s1000------------r-----000-0-eng-d</controlfield><datafield ind1=" " ind2=" " tag="080"><subfield code="a">530.145.6</subfield></datafield><datafield ind1=" " ind2=" " tag="100"><subfield code="a">Killingbeck, J.P</subfield></datafield><datafield ind1=" " ind2=" " tag="245"><subfield code="a">Techniques of applied quantum mecanics</subfield></datafield><datafield ind1=" " ind2=" " tag="260"><subfield code="a">London, Butterworths, 1975. 223p</subfield></datafield><datafield ind1=" " ind2=" " tag="852"><subfield code="a">45484</subfield></datafield></record></collection>